@book{textbook,
author = {Dan Burgess},
year = {2022},
title = {2022 Maine Energy Summary and Assessment},
publisher = {Governor's Energy Office},

}